%% NOTE: \LaTeX's comment character `%' is not a comment character in
%% the database files.  \BibTeX allows in the database files any
%% comment that's not within an entry.
%%
%% Repositorio de arquivos .bib disponiveis on-line:
%% http://liinwww.ira.uka.de/bibliography/index.html
%% http://www.math.utah.edu/~beebe/bibliographies.html
%%
%% Se vocï¿½ tiver problemas com acentos nas entradas do BibTeX, coloque-os
%% entre { e }, como em Jo{ï¿½}o ou ainda Jo{\~a}o.

%---------------------------------------------------------
% A A A
%---------------------------------------------------------
% @MANUAL{abnt-classe-doc,
%  author       = {Santini Frasson, Miguel Vin\'{\i}cius},
%  organization = {Grupo abnTeX},
%  title        = {Classe {ABNT}},
%  subtitle     = {confec\c{c}\~ao de trabalhos acad\^emicos em {\LaTeX} segundo as normas {ABNT}},
%  year         = {2002},
%  url          = {http://abntex.codigolivre.org.br}}

% @BOOK{Arm1979,
%   key          = {Arm1979},
%   author       = {M. A. Armstrong},
%   year         = 1979,
%   title        = {Basic topology},
%   publisher    = {McGraw-Hill},
%   address      = {London}
% }

% @INCOLLECTION{AxeEde1998,
%   key          = {AxeEde1998},
%   author       = {Ulrich {\href{http://www.eecs.wsu.edu/~axen/}{Axen}} and
%                  Herbert {\href{http://www.cs.duke.edu/~edels/}{Edelsbrunner}}},
%   editor       = {Hans-Christian Hege and Konrad Polthier},
%   year         = 1998,
%   title        = {\href{http://www.eecs.wsu.edu/~axen/alpha/vismath.ps}
%                  {Auditory Morse analysis of triangulated manifolds}},
%   booktitle    = {Mathematical Visualization II},
%   pages        = {223--236},
%   publisher    = {Springer},
%   address      = {Heidelberg}
% }

% %---------------------------------------------------------
% % B B B
% %---------------------------------------------------------
% @UNPUBLISHED{BabHer2000,
%   key          = {BabHer2000},
%   author       = {Eric {\href{http://www.math.washington.edu/~babson/}{Babson}} and
%                  Patricia {\href{http://www.math.lsa.umich.edu/~plhersh/}{Hersh}}},
%   year         = 2001,
%   title        = {\href{http://www.math.lsa.umich.edu/~plhersh/lexmorse.ps}
%                  {Discrete Morse functions from lexicographic orders}},
%   note         = {preprint}
% }

% @BOOK{Ber1970,
%   key          = {Ber1970},
%   author       = {Claude Berge},
%   year         = 1970,
%   title        = {Graphes et hypergraphes},
%   publisher    = {Dunod},
%   address      = {Paris}
% }

% @MISC{BerEpp1999,
%   key          = {BerEpp1999},
%   author       = {Marshall Wayne {\href{http://www2.parc.com/csl/members/bern/}{Bern}}
%                   and David {\href{http://www.ics.uci.edu/~eppstein/}{Eppstein}} and others},
%   year         = 1999,
%   title        = {\href{http://arxiv.org/pdf/cs/9909001}
%                  {Emerging challenges in computational topology}},
%   howpublished = {ACM Computing Research Repository},
%   eprint       = {cs.CG/9909001}
% }

% @BOOK{BoiYvi1998,
%   key          = {BoiYvi1998},
%   author       = {Jean-Daniel
%                  {\href{http://www.inria.fr/prisme/personnel/boissonnat/boissonnat-eng.html}{Boissonnat}} and Mariette
%                  {\href{http://www.inria.fr/prisme/personnel/yvinec/yvinec-eng.html}{Yvinec}}},
%   year         = 1998,
%   title        = {Algorithmic Geometry},
%   publisher    = {Cambridge University Press}
% }

% @Book{Bue1990,
%   key          = {Bue1990},
%   author       = {David J. Buerger},
%   title        = {{\LaTeX} for Engineers and Scientists},
%   publisher    = {Mc{\-}Graw-Hill},
%   address      = {New York, NY, USA},
%   pages        = {xvi + 198},
%   year         = {1990},
%   ISBN         = {0-07-008845-4},
%   LCCN         = {Z253.4.L38 B84 1990},
%   bibdate      = {Tue Dec 14 22:43:21 1993},
% }

% %---------------------------------------------------------
% % C C C
% %---------------------------------------------------------
% @ARTICLE{Cha2000,
%   key          = {Cha2000},
%   author       = {Manoj K. {\href{http://www.math.lsu.edu/~chari/}{Chari}}},
%   year         = {2000},
%   title        = {\href{http://schutzenberger.liafa.jussieu.fr/FPSAC/FPSAC99/ARTICLES/chari.ps.gz}
%                  {On discrete Morse functions and combinatorial decompositions}},
%   journal      = {Discrete Math},
%   volume       = {217},
%   pages        = {101--113}
% }

% @UNPUBLISHED{ChaJos2001,
%   key          = {ChaJos2001},
%   author       = {Manoj K. {\href{http://www.math.lsu.edu/~chari/}{Chari}} and
%                  Michael {\href{http://www.math.tu-berlin.de/~joswig}{Joswig}}},
%   year         = {2001},
%   title        = {\href{ftp://ftp.math.tu-berlin.de/pub/combi/joswig/DMC.ps.gz}
%                  {Discrete Morse complexes}},
%   note         = {preprint}
% }

% @BOOK{Coh1973,
%   key          = {Coh1973},
%   author       = {Marshall M. Cohen},
%   year         = 1973,
%   title        = {A course in simple homotopy theory},
%   publisher    = {Springer},
%   address      = {New York}
% }

% @BOOK{Cro1978,
%   key          = {Cro1978},
%   author       = {F. H. Croom},
%   year         = 1978,
%   title        = {Basic concepts of algebraic topology},
%   publisher    = {Springer},
%   address      = {New York}
% }

% %---------------------------------------------------------
% % D D D
% %---------------------------------------------------------
% @INPROCEEDINGS{DelEde1993,
%   key          = {DelEde1993},
%   author       = {Cecil Jose A. Delfinado and
%                  {Herbert {\href{http://www.cs.duke.edu/~edels/}{Edelsbrunner}}}},
%   year         = 1993,
%   title        = {\href{http://www.cs.uiuc.edu/Dienst/Repository/2.0/Body/ncstrl.uiuc_cs/UIUCDCS-R-93-1787/postscript}{An Incremental Algorithm for Betti Numbers of Simplicial Complexes}},
%   booktitle    = {Proceedings of 9th Annual Symposium on Computer Geometry},
%   pages        = {232--239}
% }

% @ARTICLE{DeyGuh1996,
%   key          = {DeyGuh1996},
%   author       = {Tamal K. {\href{http://www.cis.ohio-state.edu/~tamaldey/}{Dey}} and
%                  Samanta {\href{http://www.cs.uwm.edu/faculty/guha/}{Guha}}},
%   year         = 1998,
%   title        = {\href{http://www.cis.ohio-state.edu/~tamaldey/paper/3dhom/paper.ps.gz}{Computing homology groups of simplicial complexes in $R^3$}},
%   journal      = {Journal of ACM},
%   volume       = 45,
%   number       = 2,
%   pages        = {266--287}
% }

% @INCOLLECTION{DeyEdeGuh1999,
%   key          = {DeyEdeGuh1999},
%   author       = {Tamal K. {\href{http://www.cis.ohio-state.edu/~tamaldey/}{Dey}} and
%                  Herbert {\href{http://www.cs.duke.edu/~edels/}{Edelsbrunner}} and
%                  Samanta {\href{http://www.cs.uwm.edu/faculty/guha/}{Guha}}},
%   editor       = {B. Chazelle and J.E. Goodman and R. Pollack},
%   year         = 1999,
%   title        = {\href{http://www.ics.uci.edu/~eppstein/gina/DeyEdelsbrunnerGuha.ps.Z}{Computational topology}},
%   booktitle    = {Advances in Discrete and Computational Geometry},
%   series       = {Contemporary mathematics},
%   volume       = 223,
%   pages        = {109--143},
%   publisher    = {American Mathematical Society},
%   address      = {Providence}
% }

% @UNPUBLISHED{DeyGuh2001,
%   key          = {DeyGuh2001},
%   author       = {Tamal K. {\href{http://www.cis.ohio-state.edu/~tamaldey/}{Dey}} and
%                  Samanta {\href{http://www.cs.uwm.edu/faculty/guha/}{Guha}}},
%   year         = 2001,
%   title        = {\href{http://www.cis.ohio-state.edu/~tamaldey/paper/3dhom/paper.ps.gz}
%                  {Algorithms for manifolds and simplicial complexes in euclidean 3-Space}},
%   note         = {preprint}
% }

% @TECHREPORT{Dra1994,
%   author        = {Nikos Drakos},
%   institution   = {Computer Based Learning Unit, University of Leeds},
%   title         = {The {\LaTeX} to {HTML} translator},
%   year          = {1994},
%   abstract-url  = {http://cbl.leeds.ac.uk/nikos/tex2html/doc/manual/manual.html},
%   document-size = {393.0 kbytes},
%   url           = {http://cbl.leeds.ac.uk/nikos/tex2html/doc/latex2html.ps},
%   month         = {jan},
%   type          = {Internal report},
%   scope         = {hypertext}
% }

% %---------------------------------------------------------
% % E E E
% %---------------------------------------------------------
% @INPROCEEDINGS{EdeLetZom2000,
%   key          = {EdeLetZom2000},
%   author       = {Herbert {\href{http://www.cs.duke.edu/~edels/}{Edelsbrunner}} and
%                  David {\href{http://www.math.okstate.edu/~letscher/}{Letscher}} and
%                  Afra {\href{http://graphics.stanford.edu/~afra/}{Zomorodian}}},
%   year         = 2000,
%   title        = {\href{http://www.cs.duke.edu/~edels/TriTop/PersTop.ps}
%                  {Topological persistence and simplification}},
%   booktitle    = {Proceedings of the 41st Annual IEEE Symposium on
%                  Foundations of Computer Science},
%   pages        = {454--463}
% }

% @INPROCEEDINGS{EdeHarZom2001,
%   key          = {EdeHarZom2001},
%   author       = {Herbert {\href{http://www.cs.duke.edu/~edels/}{Edelsbrunner}} and
%                  John L. {\href{http://www.math.duke.edu/~harer/}{Harer}} and
%                  Afra {\href{http://graphics.stanford.edu/~afra/}{Zomorodian}}},
%   year         = 2001,
%   title        = {\href{http://graphics.stanford.edu/~afra/papers/socg01/dcg.ps.gz}
%                  {Hierarchical Morse Complexes for Piecewise Linear 2-Manifolds}},
%   booktitle    = {Proceedings of the 17th Symposium of Computational Geometry},
%   pages        = {70--79}
% }

% @ARTICLE{Ege95,
%   key          = {Ege95},
%   author       = {Omer {\href{http://www.cs.ucsb.edu/~omer/}{E\u{g}ecio\u{g}lu}} and
%                  Teofilo F. {\href{http://www.cs.ucsb.edu/~teo/}{Gonzalez}}},
%   year         = 1996,
%   title        = {\href{http://www.cs.ucsb.edu/~omer/DOWNLOADABLE/simplicial96.pdf}
%                  {A computationally intractable problem on simplicial complexes}},
%   journal      = {Computational Geometry: Theory and Applications},
%   volume       = 6,
%   pages        = {85--98}
% }

% %---------------------------------------------------------
% % F F F
% %---------------------------------------------------------
% @INCOLLECTION{For1995,
%   key          = {For1995},
%   author       = {Robin {\href{http://math.rice.edu/~forman/}{Forman}}},
%   editor       = {S. T. Yau},
%   year         = 1995,
%   title        = {A discrete Morse theory for cell complexes},
%   booktitle    = {Geometry, Topology and Physics for Raoul Bott},
%   publisher    = {International Press}
% }

% @ARTICLE{For1998,
%   key          = {For1998},
%   author       = {Robin {\href{http://math.rice.edu/~forman/}{Forman}}},
%   year         = 1998,
%   title        = {Morse theory for cell complexes},
%   journal      = {Advances in Mathematics},
%   volume       = 134,
%   pages        = {90--145}
% }

% @UNPUBLISHED{For2000,
%   key          = {For2000},
%   author       = {Robin {\href{http://math.rice.edu/~forman/}{Forman}}},
%   year         = 2001,
%   title        = {\href{http://math.rice.edu/~forman/app.ps}
%                  {Some applications of combinatorial differential topology}},
%   note         = {preprint}
% }

% @UNPUBLISHED{For2001,
%   key          = {For2001},
%   author       = {Robin {\href{http://math.rice.edu/~forman/}{Forman}}},
%   year         = 2001,
%   title        = {\href{http://math.rice.edu/~forman/user.ps}
%                  {A user guide to discrete Morse theory}},
%   note         = {preprint}
% }

% %---------------------------------------------------------
% % G G G
% %---------------------------------------------------------
% @Book{GooMitSam1994,
%   key          = {GooMitSam1994},
%   author       = {Michel Goossens and Frank Mittelbach and Alexander
%                   Samarin},
%   title        = {The {\LaTeX} Companion},
%   publisher    = {Ad{\-d}i{\-s}on-Wes{\-l}ey},
%   address      = {Reading, MA, USA},
%   edition      = {Second},
%   pages        = {xxi + 530},
%   year         = {1994},
%   ISBN         = {0-201-54199-8},
%   LCCN         = {Z253.4.L38 G66 1994},
%   bibdate      = {Wed Nov 16 12:41:07 1994},
%   price        = {US\$34.25}
% }

% %---------------------------------------------------------
% % H H H
% %---------------------------------------------------------
% @MISC{Hachi,
%   key          = {Hachi},
%   author       = {Masahiro {\href{http://www.sk.tsukuba.ac.jp/~hachi/}{Hachimori}}},
%   title        = {Simplicial Complex Library},
%   howpublished = {\href{http://www.qci.jst.go.jp/~hachi/math/library/index_eng.html}
%                  {www.qci.jst.go.jp/\-\~{}hachi}}
% }

% @Book{Hah1991,
%   key          = {Hah1991},
%   author       = {Jane Hahn},
%   title        = {{\LaTeX} for Everyone},
%   publisher    = {Personal {\TeX} Inc.},
%   address      = {12 Madrona Street, Mill Valley, CA 94941, USA},
%   pages        = {xi + 346},
%   year         = {1991},
%   ISBN         = {0-9631044-0-3},
%   LCCN         = {Z253.4.L38 H34 1991},
%   price        = {US\$19.95},
%   bibdate      = {Tue Dec 14 22:54:48 1993},
% }

% @INCOLLECTION{Har1998,
%   key          = {Har1998},
%   author       = {John C. {\href{http://graphics.cs.uiuc.edu/~jch/}{Hart}}},
%   editor       = {Hans-Christian Hege and Konrad Polthier},
%   year         = 1998,
%   title        = {\href{http://graphics.cs.uiuc.edu/~jch/papers/morseism.pdf}{Morse theory for implicit surface modeling}},
%   booktitle    = {Mathematical Visualization},
%   pages        = {257--268},
%   publisher    = {Springer},
%   address      = {Berlin}
% }

% @INPROCEEDINGS{Har2000,
%   key          = {Har2000},
%   author       = {John C. {\href{http://graphics.cs.uiuc.edu/~jch/}{Hart}}},
%   year         = 1999,
%   title        = {\href{http://graphics.cs.uiuc.edu/~jch/papers/smi99.pdf}{Computational Topology for Shape Modeling}},
%   booktitle    = {Proceedings Shape Modeling International '99},
%   pages        = {36--45},
%   organization = {University Aizu},
%   address      = {Japan}
% }

% @ARTICLE{HopTar1973,
%   key          = {HopTar1973},
%   author       = {J. Hopcroft and Robert Endre Tarjan},
%   year         = 1973,
%   title        = {Efficient Algorithms for Graph Manipulation},
%   journal      = {Communications of the ACM},
%   volume       = 16,
%   pages        = {372--378}
% }

% %---------------------------------------------------------
% % I I I
% %---------------------------------------------------------

% %---------------------------------------------------------
% % J J J
% %---------------------------------------------------------

% %---------------------------------------------------------
% % K K K
% %---------------------------------------------------------
% @BOOK{Knu1989,
%   key          = {Knu1989},
%   author       = {Donald E. Knuth},
%   title        = {{The TeX Book}}, 
%   publisher    = {Addison-Wesley},
%   year         = {1989},
%   edition      = {15th}}

% @Book{KopDal1995,
%   key          = {KopDal1995},
%   author       = {Helmut Kopka and Patrick W. Daly},
%   title        = {A Guide to {\LaTeX}2e: Document Preparation for
%                   Beginners and Advanced Users},
%   publisher    = {Ad{\-d}i{\-s}on-Wes{\-l}ey},
%   year         = {1995},
%   ISBN         = {0-201-42777-X},
%   LCCN         = {Z253.4.L38 K66 1995},
%   address      = {Reading, MA, USA},
%   edition      = {Second},
%   pages        = {x + 554},
%   price        = {US\$37.61},
%   bibdate      = {Thu May 25 15:18:31 1995},
% }

% @TECHREPORT{KouNor1993,
%   key          = {KouNor1993},
%   author       = {Eleftherios {\href{http://www.research.att.com/info/ek}{Koutsofios}} and
%                  Stephen C. {\href{http://www.research.att.com/~north/graphviz/}{North}}},
%   title        = {\href{http://www.research.att.com/~north/graphviz/dotguide.pdf}
%                  {Drawing graphs with dot}},
%   institution  = {AT\&T Bell Laboratories},
%   year         = 1993,
%   address      = {Murray Hill, NJ}
% }

% %---------------------------------------------------------
% % L L L
% %---------------------------------------------------------
% @Book{Lam1996,
%   key          = {Lam1996},
%   author       = {Leslie Lamport},
%   title        = {{\LaTeX: A Document Preparation System}},
%   edition      = {Second},
%   publisher    = {Addison-Wesley},
%   address      = {Reading, MA, USA},
%   year         = {1996},
%   ISBN         = {0-201-52983-1},
% }

% @MISC{LeeSwi2002,
%   key          = {LeeSwi2002},
%   author       = {R. Berners-Lee and T. Swick},
%   title        = {{Semantic Web Development}},
%   year         = {2002},
%   URL          = {\url{http://www.w3.org/2002}, ï¿½ltimo acesso em Agosto de 2003}}

% @UNPUBLISHED{LewTavLop2001,
%   key          = {LewTavLop2001},
%   author       = {Thomas {\href{http://www.carva.org/thomas.lewiner}{Lewiner}} and Geovan Tavares and Helio {{\href{http://www.mat.puc-rio.br/~lopes}{Lopes}}}},
%   year         = 2001,
%   title        = {\href{http://www.mat.puc-rio.br/~tomlew/CGTA.pdf}{Optimal discrete Morse functions for 2-manifolds}},
%   note         = {preprint}
% }

% @TECHREPORT{Lew2002,
%   key          = {Lew2002},
%   author       = {Thomas Lewiner},
%   title        = {{Normas para apresenta\c{c}\~{a}o de teses e disserta\c{c}\~{o}es}}, 
%   institution  = {Departamento de Matem\'{a}tica - PUC-Rio},
%   year         = {2002}}

% @INCOLLECTION{LewLopTav2002,
%   key          = {LewLopTav2002},
%   author       = {Thomas {\href{http://www.carva.org/thomas.lewiner}{Lewiner}} and Helio {\href{http://www.mat.puc-rio.br/~lopes}{Lopes}} and Geovan Tavares},
%   editor       = {Hans-Christian Hege and Konrad Polthier},
%   year         = 2002,
%   title        = {\href{http://www.mat.puc-rio.br/~tomlew/VisMath.pdf}{Visualizing Forman's discrete vector field}},
%   booktitle    = {Mathematical Visualization III},
%   publisher    = {Springer},
%   address      = {Berlin}
% }

% @PHDTHESIS{Lop1996,
%   key          = {Lop1996},
%   author       = {Helio {\href{http://www.mat.puc-rio.br/~lopes}{Lopes}}},
%   year         = 1996,
%   title        = {Algorithm to build and unbuild 2 and 3 dimensional manifolds},
%   school       = {Department of Mathematics, PUC-Rio}
% }

% @INPROCEEDINGS{LopTav1997,
%   key          = {LopTav1997},
%   author       = {Helio {\href{http://www.mat.puc-rio.br/~lopes}{Lopes}} and
%                   Geovan Tavares},
%   title        = {Structure operators for modeling 3 dimensional manifolds},
%   editor       = {C. Hoffman and W. Bronsvort},
%   booktitle    = {ACM Siggraph Symposium on Solid Modeling and Applications},
%   year         = 1997,
%   pages        = {10--18}
% }

% @CONFERENCE{LopRosSafTav2002,
%   key          = {LopRosSafTav2002},
%   author       = {Helio {\href{http://www.mat.puc-rio.br/~lopes}{Lopes}} and Jarek {\href{http://www.gvu.gatech.edu/people/official/jarek.rossignac/}{Rossignac}} and A. Safanova and Andrzej {\href{http://www.cc.gatech.edu/fac/Andrzej.Szymczak/}{Szymczak}} and Geovan Tavares},
%   year         = 2002,
%   title        = {Edgebreaker: a simple compression for surfaces with handles},
%   booktitle    = {7th ACM Siggraph Symposium on Solid Modeling and Application}
% }

% @BOOK{Lovplu1986,
%   key          = {Lov86},
%   author       = {L. Lov\'{a}sz and M. D. Plummer},
%   year         = 1986,
%   title        = {Matching Theory},
%   publisher    = {Van Nostrand Reinhold},
%   address      = {Amsterdam}
% }  

% @BOOK{LunWei1969,
%   key          = {LunWei1969},
%   author       = {A. Lundell and S. Weingram},
%   year         = 1969,
%   title        = {The topology of CW complexes},
%   publisher    = {Van Nostrand Reinhold},
%   address      = {New York}
% }

% %---------------------------------------------------------
% % M M M
% %---------------------------------------------------------
% @MISC{Mar2004,
%   author       = {Library of Congress},
%   title        = {{MARC 21 Reference Materials}},
%   year         = {2004},
%   URL          = {\url{http://www.loc.gov/marc/umb/um11to12.html}, acessado em outubro de 2004}}

% @INPROCEEDINGS{Mar1958,
%   key          = {Mar1958},
%   author       = {A. Markov},
%   year         = 1958,
%   title        = {Insolvability of the problem of homeomorphy},
%   booktitle    = {Proceedings of the International Congress of Mathematics},
%   pages        = {300--306}
% }

% @INCOLLECTION{MeyDesSchBar2002,
%   key          = {MeyDesSchBar2002},
%   author       = {Mark {\href{http://www.cs.caltech.edu/~mmeyer/}{Meyer}} and
%                   Mathieu {\href{http://www.cs.caltech.edu/~mathieu/}{Desbrun}} and
%                   Peter {\href{http://www.multires.caltech.edu/~ps/}{Schr\"{o}der}} and
%                   Al {\href{http://www.gg.caltech.edu/~barr/}{Barr}}},
%   editor       = {Hans-Christian Hege and Konrad Polthier},
%   year         = 2002,
%   title        = {\href{http://www.multires.caltech.edu/pubs/diffGeoOps.pdf}
%                  {Discrete Differential--Geometry Operators for Triangulated 2--Manifolds}},
%   booktitle    = {Mathematical Visualization III},
%   publisher    = {Springer},
%   address      = {Berlin}
% }
 

% @BOOK{Mil1963,
%   key          = {Mil1963},
%   author       = {John Willard Milnor},
%   year         = 1963,
%   title        = {Morse theory},
%   publisher    = {Princeton University Press},
%   address      = {Princeton, NJ}
% }

% @ARTICLE{Moi1952,
%   key          = {Moi1952},
%   author       = {Edwin E. Mo\"{i}se},
%   year         = 1952,
%   title        = {Affine structures in 3--manifolds},
%   journal      = {Annals of Math},
%   volume       = 56,
%   number       = 2,
%   pages        = {96--114}
% }

% @INPROCEEDINGS{MorTak2000,
%   key          = {MorTak2000},
%   author       = {Sonoko {\href{http://naomi.is.s.u-tokyo.ac.jp/~moriso}{Moriyama}} and Fumihiko {{\href{http://www-imai.is.s.u-tokyo.ac.jp/~fumi/}{Takeuchi}}}},
%   year         = 2000,
%   title        = {\href{http://www-imai.is.s.u-tokyo.ac.jp/~fumi/PUBLICATIONS/MorTak00.a4.ps}{Incremental construction properties in dimension two---shellability, extendable shellability and vertex decomposability}},
%   booktitle    = {Proceedings of the 12th Canadian conference on computational geometry},
%   address      = {Fredericton},
%   pages        = {65--72}
% }


% %---------------------------------------------------------
% % N N N
% %---------------------------------------------------------
% @manual{NBR10520:2001,
%  organization  = {Associa{\c c}\~ao Brasileira de Normas T\'ecnicas},
%  org-short     = {ABNT},
%  title         = {{NBR} 10520},
%  subtitle      = {Informa{\c c}\~ao e documenta{\c c}\~ao --- Apresenta{\c c}\~ao de
%                   cita{\c c}\~oes em documentos},
%  address       = {Rio de Janeiro},
%  pages         = 4,
%  month         = jul,
%  year          = 2001}

% @manual{NBR14724:2001,
%  organization  = {Associa{\c c}\~ao Brasileira de Normas T\'ecnicas},
%                  org-short={ABNT},
%  title         = {{NBR} 14724},
%  subtitle      = {Informa{\c c}\~ao e documenta{\c c}\~ao ---
%                   trabalhos acad\^emicos --- apresenta{\c c}\~ao},
%  address       = {Rio de Janeiro},
%  month         = jul,
%  pages         = 6,
%  year          = 2001}

% @TECHREPORT{Nor1992,
%   key          = {Nor1992},
%   author       = {Stephen C. {\href{http://www.research.att.com/~north/graphviz/}{North}}},
%   title        = {\href{http://www.research.att.com/~north/graphviz/neatoguide.pdf}
%                  {Neato User's Guide}},
%   institution  = {AT\&T Bell Laboratories},
%   year         = 1992,
%   address      = {Murray Hill, NJ}
% }

% %---------------------------------------------------------
% % O O O
% %---------------------------------------------------------

% %---------------------------------------------------------
% % P P P
% %---------------------------------------------------------

% %---------------------------------------------------------
% % Q Q Q
% %---------------------------------------------------------

% %---------------------------------------------------------
% % R R R
% %---------------------------------------------------------

% %---------------------------------------------------------
% % S S S
% %---------------------------------------------------------
% @MISC{Scharein,
%   key          = {Scharein},
%   author       = {Rob {\href{http://www.cs.ubc.ca/spider/scharein/}{Scharein}}},
%   title        = {Knot-Plot},
%   howpublished = {\href{http://www.pims.math.ca/knotplot/}{www.pims.math.ca/knotplot/}}
% }

% @ARTICLE{ShiKer1991,
%   key          = {ShiKer1991},
%   author       = {Y. Shinagawa and T.L. Kunii and Y.L. Kergosien},
%   year         = 1991,
%   title        = {Surface coding based on Morse theory},
%   journal      = {IEEE Computer Graphics and Applications},
%   volume       = 11,
%   pages        = {66--78}
% }

% @INCOLLECTION{SmiJon1999,
%   key          = {SmiJon1999},
%   author       = {A. Smith and B. Jones},
%   title        = {{On the Complexity of Computing}},
%   booktitle    = {Advances in Computer Science},
%   pages        = {555-566},
%   publisher    = {Publishing Press},
%   year         = {1999},
%   editor       = {A. B. Smith-Jones}}

% @INPROCEEDINGS{SzyRos2000,
%   key          = {SzyRos00},
%   author       = {Andrzej {\href{http://www.cc.gatech.edu/fac/Andrzej.Szymczak/}{Szymczak}} and
%                   Jarek {\href{http://www.gvu.gatech.edu/people/official/jarek.rossignac/}
%                   {Rossignac}}},
%   title        = {\href{http://www.cc.gatech.edu/fac/Andrzej.Szymczak/papers/compress.pdf}
%                  {Grow \& Fold: Compression of Tetrahedral Meshes}},
%   booktitle    = {Solid Modelling '99},
%   year         = 1999,
%   note         = {to appear}
% }

% %---------------------------------------------------------
% % T T T
% %---------------------------------------------------------
% @ARTICLE{Tar1975,
%   key          = {Tar1975},
%   author       = {Robert Endre Tarjan},
%   year         = 1975,
%   title        = {Efficiency of a good but not linear set union algorithm},
%   journal      = {Journal of the ACM},
%   volume       = 22,
%   number       = 2,
%   pages        = {215--225}
% }

% @BOOK{Tar1983,
%   key          = {Tar1983},
%   author       = {R. E. Tarjan},
%   year         = 1983,
%   title        = {Data Structures and Network Algorithms},
%   publisher    = {Society for Industrial and Applied Mathematics},
%   address      = {Philadelphia}
% }

% @ARTICLE{TauRos1998,
%   key          = {TauRos98},
%   author       = {Gabriel {\href{http://www.research.ibm.com/people/t/taubin/}{Taubin}} and
%                  Jarek {\href{http://www.gvu.gatech.edu/people/official/jarek.rossignac/}
%                  {Rossignac}}},
%   year         = 1998,
%   title        = {\href{http://www.research.ibm.com/people/t/taubin/publications/taubin-etal-tog-1998-17-2-p84.pdf}
%                  {Geometric compression through topological surgery}},
%   journal      = {ACM Transactions on Graphics},
%   volume       = 17,
%   number       = 2,
%   pages        = {84--115}
% }

% %---------------------------------------------------------
% % U U U
% %---------------------------------------------------------

% %---------------------------------------------------------
% % V V V
% %---------------------------------------------------------
% @INCOLLECTION{Veg1997,
%   key          = {Veg1997},
%   author       = {Gert {\href{http://www.cs.rug.nl/~gert/}{Vegter}}},
%   editor       = {J. E. Goodman and J. O'Rourke},
%   year         = 1997,
%   title        = {\href{http://cs.smith.edu/~orourke/books/discrete.html}
%                  {Computational topology}},
%   booktitle    = {Handlebook of Discrete Computational Geometry},
%   pages        = {517--536},
%   publisher    = {CRC Press}
% }

% %---------------------------------------------------------
% % W W W
% %---------------------------------------------------------

% %---------------------------------------------------------
% % X X X
% %---------------------------------------------------------

% %---------------------------------------------------------
% % Y Y Y
% %---------------------------------------------------------

% %---------------------------------------------------------
% % Z Z Z
% %---------------------------------------------------------

% %% MINHAS REF

% @Book{Gonzalez02a,
%   Title                    = {Digital Image Processing (2nd Ed)},
%   Annote                   = {SIGNATUR = 785.169},
%   Author                   = {Rafael C. Gonzalez and Richard E. Woods},
%   Keywords                 = {DIGITAL IMAGE PROCESSING},
%   Publisher                = {Prentice Hall},
%   Year                     = {2002},

%   Place                    = {Favoritenstrasse 9/4th Floor/1863}
% }

% @article{almeida1995desvendado,
%   title={Desvendado o uso de redes neurais em problemas de administra{\c{c}}{\~a}o de empresas},
%   author={Almeida, Fernando C de},
%   journal={Revista de Administra{\c{c}}{\~a}o de Empresas},
%   volume={35},
%   number={1},
%   pages={46--55},
%   year={1995},
%   publisher={SciELO Brasil}
% }

% @article{almeida2014classificaccao,
%   title={Classifica{\c{c}}{\~a}o de t{\'a}buas de madeira usando processamento de imagens digitais e aprendizado de m{\'a}quina},
%   author={Almeida, Osvaldo Cesar Pinheiro de},
%   year={2014},
%   publisher={Universidade Estadual Paulista (UNESP)}
% }

% @article{andrade2011redes,
%   title={Redes Neurais Artificiais (RNA) aplicadas {\`a} classifica{\c{c}}{\~a}o de {\'a}reas cafeeiras na regi{\~a}o de Tr{\^e}s Pontas-MG},
%   author={Andrade, L{\'\i}via Naiara de and Vieira, Tatiana Grossi Chquiloff and Lacerda, Wilian Soares and Volpato, Margarete Marin Lordelo and Alves, Helena Maria Ramos and Silva, Alexsandro C{\^a}ndido de Oliveira and Souza, Carolina Gusm{\~a}o},
%   year={2011}
% }

% @inproceedings{sugiarto2017wood,
%   title={Wood identification based on histogram of oriented gradient (HOG) feature and support vector machine (SVM) classifier},
%   author={Sugiarto, Bambang and Prakasa, Esa and Wardoyo, Riyo and Damayanti, Ratih and Dewi, Listya Mustika and Pardede, Hilman F and Rianto, Yan and others},
%   booktitle={Information Technology, Information Systems and Electrical Engineering (ICITISEE), 2017 2nd International conferences on},
%   pages={337--341},
%   year={2017},
%   organization={IEEE}
% }

% @book{bishop1995neural,
%   title={Neural networks for pattern recognition},
%   author={Bishop, Christopher M},
%   year={1995},
%   publisher={Oxford university press}
% }

% @article{chagas2009utilizaccao,
%   title={Utiliza{\c{c}}{\~a}o de redes neurais artificiais na classifica{\c{c}}{\~a}o de n{\'\i}veis de degrada{\c{c}}{\~a}o em pastagens},
%   author={Chagas, C{\'e}sar S and Vieira, Carlos AO and Fernandes Filho, EI and Carvalho Junior, W},
%   journal={Revista Brasileira de Engenharia Agr{\'\i}cola e Ambiental},
%   volume={13},
%   number={3},
%   pages={319--327},
%   year={2009}
% }

% @phdthesis{chavesuso,
%   title={Uso de assinaturas espectrais e ve{\'\i}culos a{\'e}reos n{\~a}o tripulados para o diagn{\'o}stico autom{\'a}tico de doen{\c{c}}as de eucaliptos},
%   author={Chaves, Arthur Avelar},
%   school={Universidade de S{\~a}o Paulo}
% }

% @article{favan2015utilizaccao,
%   title={Utiliza{\c{c}}{\~a}o de redes neurais artificiais aplicadas na discrimina{\c{c}}{\~a}o de padr{\~o}es de doen{\c{c}}as florestais},
%   author={Favan, Jo{\~a}o Ricardo},
%   year={2015},
%   publisher={Universidade Estadual Paulista (UNESP)}
% }

% @article{into2014avaliaccao,
%   title={Avalia{\c{c}}{\~a}o preliminar de dados obtidos por VANT em talh{\~a}o florestal clonal de Eucalyptus Urograndis h13 no estado de Mato Grosso},
%   author={INTO, PRELIMINARY DATA OBTAINED BY UAV},
%   year={2014}
% }


% @article{silva2018detecccao,
%   title={Detec{\c{c}}{\~a}o e contagem de plantas utilizando t{\'e}cnicas de intelig{\^e}ncia artificial e machine learning},
%   author={Silva, Giovanni Cimolin da and others},
%   year={2018},
%   publisher={Florian{\'o}polis, SC}
% }

% @article{gorgens2006estimaccao,
%   title={Estima{\c{c}}{\~a}o do volume de {\'a}rvores utilizando redes neurais artificiais},
%   author={G{\"o}rgens, Eric Bastos and others},
%   year={2006},
%   publisher={Universidade Federal de Vi{\c{c}}osa}
% }

% @incollection{theodoridis2001pattern,
%   title={Pattern recognition and neural networks},
%   author={Theodoridis, Sergios and Koutroumbas, Konstantinos},
%   booktitle={Machine Learning and Its Applications},
%   pages={169--195},
%   year={2001},
%   publisher={Springer}
% }

% @misc{industria2015relatorio,
%   title={Relat{\'o}rio IB{\'A} 2015},
%   author={Ind{\'u}stria Brasileira de {\'A}rvores IBA},
%   year={2015},
%   publisher={IB{\'A} Bras{\'\i}lia}
% }

%%%%%%%%%%%%%%%%%%%%%%%%%%%%%%%%%%%%%%%%%%%%%%%%%%%%%%%%%%
%% Below is a description of all fields recognized by the standard
%% bibliography styles.  An entry can also contain other fields, which
%% are ignored by those styles.

%% address
%% Usually the address of the publisher or other type of institution.
%% For major publishing houses, van Leunen recommends omitting the
%% information entirely. For small publishers, on the other hand, you
%% can help the reader by giving the complete address.

%% annote
%% An annotation.  It is not used by the standard bibliography styles,
%% but may be used by others that produce an annotated bibliography.

%% author
%% The name(s) of the author(s),
%% in the format described in the \LaTeX\ book.

%% booktitle
%% Title of a book, part of which is being cited.  See the \LaTeX\
%% book for how to type titles.  For book entries, use the title field
%% instead.

%% chapter
%% A chapter (or section or whatever) number.

%% crossref
%% The database key of the entry being cross referenced.

%% edition
%% The edition of a book---for example, ``Second''.  This should be an
%% ordinal, and should have the first letter capitalized, as shown
%% here; the standard styles convert to lower case when necessary.

%% editor
%% Name(s) of editor(s), typed as indicated in the \LaTeX\ book.  If
%% there is also an author field, then the editor field gives the
%% editor of the book or collection in which the reference appears.

%% howpublished
%% How something strange has been published.  The first word should be
%% capitalized.

%% institution
%% The sponsoring institution of a technical report.

%% journal
%% A journal name.  Abbreviations are provided for many journals; see
%% the Local Guide.

%% key
%% Used for alphabetizing, cross referencing, and creating a label
%% when the ``author'' information (described in Section
%% odds-and-ends) is missing.  This field should not be confused with
%% the key that appears in the \cite command and at the beginning of
%% the database entry.

%% month
%% The month in which the work was published or, for an unpublished
%% work, in which it was written.  You should use the standard
%% three-letter abbreviation, as described in Appendix B.1.3 of the
%% \LaTeX\ book.

%% note
%% Any additional information that can help the reader.  The first
%% word should be capitalized.

%% number
%% The number of a journal, magazine, technical report, or of a work
%% in a series.  An issue of a journal or magazine is usually
%% identified by its volume and number; the organization that issues a
%% technical report usually gives it a number; and sometimes books are
%% given numbers in a named series.

%% organization
%% The organization that sponsors a conference or that publishes a
%% manual.

%% pages
%% One or more page numbers or range of numbers, such as 42--111 or
%% 7,41,73--97 or 43+ (the `+' in this last example indicates pages
%% following that don't form a simple range).  To make it easier to
%% maintain Scribe-compatible databases, the standard styles convert a
%% single dash (as in 7-33) to the double dash used in \TeX\ to denote
%% number ranges (as in 7--33}).

%% publisher
%% The publisher's name.

%% school
%% The name of the school where a thesis was written.

%% series
%% The name of a series or set of books.  When citing an entire book,
%% the the title field gives its title and an optional series field
%% gives the name of a series or multi-volume set in which the book is
%% published.

%% title
%% The work's title, typed as explained in the \LaTeX\ book.

%% type
%% The type of a technical report---for example, ``Research Note''.

%% volume
%% The volume of a journal or multivolume book.

%% year
%% The year of publication or, for an unpublished work, the year it
%% was written.  Generally it should consist of four numerals, such as
%% 1984, although the standard styles can handle any year whose last
%% four nonpunctuation characters are numerals, such as about 1984.
%%%%%%%%%%%%%%%%%%%%%%%%%%%%%%%%%%%%%%%%%%%%%%%%%%%%%%%%%%



@phdthesis{mello2004geoestatistica,
  title={Geoestat{\'\i}stica aplicada ao invent{\'a}rio florestal.},
  author={Mello, Jos{\'e} Marcio de},
  year={2004},
  school={Universidade de S{\~a}o Paulo}
}

@article{vibrans2010inventario,
  title={Invent{\'a}rio flor{\'\i}stico florestal de Santa Catarina (IFFSC): aspectos metodol{\'o}gicos e operacionais},
  author={Vibrans, Alexander Christian and Sevgnani, L{\'u}cia and Lingner, D{\'e}bora Vanessa and de Gasper, Andr{\'e} Luis and Sabbagh, Shams},
  journal={Pesquisa Florestal Brasileira},
  volume={30},
  number={64},
  pages={291},
  year={2010}
}

@article{leite2002metodo,
  title={Um m{\'e}todo para condu{\c{c}}{\~a}o de invent{\'a}rios florestais sem o uso de equa{\c{c}}{\~o}es volum{\'e}tricas},
  author={Leite, Helio Garcia and Andrade, Valdir Carlos Lima de},
  year={2002},
  publisher={SciELO Brasil}
}

@inproceedings{silvamanejo,
  title={Manejo florestal sustent{\'a}vel em escala comercial.},
  author={Silva, JN},
  year={2001},
  booktitle={Embrapa Amaz{\^o}nia Oriental-Resumo em anais de congresso (ALICE)},
  organization={In: FORUM DE BEL{\'E}M DESAFIOS PARA A PESQUISA FLORESTAL NA AMAZ{\^O}NIA, 1999, Bel{\'e}m, PA. Palestras e resumos. Bel{\'e}m, PA: Embrapa Amaz{\^o}nia Oriental, 2001.}
}

@article{brena1997inventario,
  title={Invent{\'a}rio florestal},
  author={Brena, DA and P{\'e}llico Neto, S},
  journal={Curitiba.[Links]},
  year={1997}
}

@article{juvenal2002setor,
  title={O setor florestal no Brasil e a import{\^a}ncia do reflorestamento},
  author={Juvenal, Thais Linhares and Mattos, Ren{\'e} Luiz Grion},
  year={2002},
  publisher={Banco Nacional de Desenvolvimento Econ{\^o}mico e Social}
}

@book{da1979principios,
  title={Princ{\'\i}pios b{\'a}sicos de dendrometria},
  author={Silva, JOS{\'E} ANT{\^O}NIO ALEIXO da and Neto  , Francisco de Paula},
  year={1979},
  publisher={UFRPE}
}

@article{do1988erros,
  title={Erros de medi{\c{c}}{\~a}o de altura em povoamentos de Eucalyptus em regi{\~a}o plana},
  author={Couto, HILTON THADEU ZARATE do and Bastos, NELSON LUIZ MAGALH{\~A}ES},
  year={1988}
}

@inproceedings{soares2010,
  title={Multilayer Percepton for Recursive Diameter Prediction of  Eucalyptus Clones [\emph{Multi-Layer perceptron na predicao recursiva de Diametros de clone de eucalipto}]},
  author={Soares, Fabrizzio A. A. M. N. and Flores, Edna L. and Cabacinha, Christian D. and Carrijo, Gilberto A. and Veiga, Antonio C. P. and Carneiro, Milena B. P.},
  booktitle={Proceedings of 8th UFU Conference on Electrical Engineering Studies (CEEL)},
  address={Uberlandia--MG, Brazil},
  organization={Electrical Engineering Faculty / UFU},
  language={portuguese},
  year = {2010},
  month = {October},
  address = {Uberlandia, MG, Brazil},
  note={Text in Portuguese}
}

@article{lutinski2006primeiro,
  title={Primeiro registro de Glycaspis brimblecombei Moore 1964,(Hemiptera: Psyllidae) em eucalipto no estado de Santa Catarina, Brasil},
  author={Lutinski, Junir Antonio and Lutinski, Cladis Juliana and Garcia, Fl{\'a}vio Roberto Mello},
  journal={Ci{\^e}ncia Rural},
  volume={36},
  number={2},
  pages={653--655},
  year={2006},
  publisher={SciELO Brasil}
}

@article{dossa2002produccao,
  title={Produ{\c{c}}{\~a}o e rentabilidade do eucaliptos em empresas florestais.},
  author={Dossa, Derli and da Silva, HD and Bellote, AFJ and Rodigheri, HR},
  journal={Embrapa Florestas-Comunicado T{\'e}cnico (INFOTECA-E)},
  year={2002},
  publisher={Colombo: Embrapa Florestas, 2002.}
}

@article{paludzyszyn2006eucaliptos,
  title={Eucaliptos indicados para plantio no Estado do Paran{\'a}.},
  author={Paludzyszyn Filho, Estefano and dos Santos, Paulo Eduardo Telles and Ferreira, Carlos Alberto},
  journal={Embrapa Florestas-Documentos (INFOTECA-E)},
  year={2006},
  publisher={Colombo: Embrapa Florestas, 2006.}
}

@article{anual2017industria,
  title={Ind{\'u}stria Brasileira de {\'A}rvores},
  author={Ib{\'a}, Ib{\'a} Relat{\'o}rio},
  year={2017}
}

@article{sumario2018industria,
  title={Ind{\'u}stria Brasileira de {\'A}rvores},
  author={ib{\'a}, ib{\'a} Relat{\'o}rio},
  year={2018}
}

@article{xavier2002silvicultura,
  title={Silvicultura clonal I: princ{\'\i}pios e t{\'e}cnicas de propaga{\c{c}}{\~a}o vegetativa},
  author={Xavier, A},
  journal={Vi{\c{c}}osa: UFV},
  year={2002}
}

@book{raven1978biologia,
  title={Biologia vegetal},
  author={Raven, Peter H and Evert, Ray Franklin and Eichhorn, Susan E and others},
  year={1978},
  publisher={Guanabara Dois Rio de Janeiro}
}

@book{batista1998mensuraccao,
  title={Mensura{\c{c}}{\~a}o de {\'a}rvores: uma introdu{\c{c}}{\~a}o {\`a} dendrometria},
  author={Batista, Jo{\~a}o Lu{\'\i}s Ferreira},
  year={1998},
  publisher={ESALQ/USP/LCF}
}

@article{binoti2012reduccao,
  title={Redu{\c{c}}{\~a}o dos custos em invent{\'a}rio de povoamentos equi{\^a}neos utilizando redes neurais artificiais},
  author={Binoti, DHB and Binoti, MLM da S and Leite, HG and Silva, A},
  journal={Agr{\'a}ria, Recife},
  volume={8},
  pages={125--129},
  year={2012}
}
@article{soares2011b,
  title={Recursive diameter prediction and volume calculation of eucalyptus trees using Multilayer Perceptron Networks},
  author={Soares, Fabrizzio A. A. M. N. and Flores, Edna L. and Cabacinha, Christian D. and Carrijo, Gilberto A. and Veiga, Antonio C. P.},
  journal={Computers and electronics in agriculture},
  volume={78},
  number={1},
  pages={19--27},
  year={2011},
  publisher={Elsevier},
  doi={10.1016/j.compag.2011.05.008}
}

@article{do2006comparaccao,
  title={Compara{\c{c}}{\~a}o de m{\'e}todos de cubagem absolutos com o volume obtido pelo xil{\^o}metro para bracatinga (Mimosa scabrella Bentham)},
  author={do Amaral Machado, Sebasti{\~a}o and T{\'e}o, Saulo Jorge and Urbano, Edilson and Figura, Marco Aur{\'e}lio and da Silva, Lu{\'\i}s C{\'e}sar Rodrigues},
  journal={Cerne},
  volume={12},
  number={3},
  pages={239--253},
  year={2006},
  publisher={Universidade Federal de Lavras}
}

@article{couto1987modelos,
  title={Modelos de equa{\c{c}}{\~o}es de volume e rela{\c{c}}{\~o}es hipsom{\'e}tricas para planta{\c{c}}{\~o}es de Eucalyptus no Estado de S{\~a}o Paulo},
  author={Couto, HTZ do and Bastos, NELSON LUIZ MAGALH{\~A}ES},
  journal={IPEF, Piracicaba},
  number={37},
  pages={33--44},
  year={1987}
}

@article{leite2003importancia,
  title={Import{\^a}ncia das vari{\'a}veis altura dominante e altura total em equa{\c{c}}{\~o}es hipsom{\'e}tricas e volum{\'e}tricas},
  author={Leite, Helio Garcia and ANDRADE, VCL de},
  journal={Revista {\'A}rvore},
  volume={27},
  number={3},
  pages={301--310},
  year={2003},
  publisher={SciELO Brasil}
}

@article{scolforo1997manejo,
  title={O manejo da vegeta{\c{c}}{\~a}o nativa atrav{\'e}s de cortes seletivos.},
  author={Scolforo, JRS and MACHADO, SA and Silva, ST},
  journal={EMBRAPA-CNPF. Documentos},
  year={1997},
  publisher={In: CURSO DE MANEJO FLORESTAL SUSTENTAVEL, Curitiba. T{\'o}picos em manejo florestal sustent{\'a}vel. Colombo: EMBRAPA-CNPF. p. 127-155.}
}

@phdthesis{cabacinha2003metodo,
  title={Um m{\'e}todo para a realiza{\c{c}}{\~a}o do invent{\'a}rio florestal suprimindo a cubagem rigorosa},
  author={Cabacinha, Chistian Dias},
  year={2003},
  school={Universidade Federal de Lavras.}
}

@phdthesis{soares2012prediccao,
  title={Predi{\c{c}}{\~a}o recursiva de di{\^a}metro de clones de eucalipto utilizando rede perceptron de m{\'u}ltiplas camadas para o c{\'a}lculo de volume. 2012. 131p},
  author={Soares, FAAMN},
  year={2012},
  school={Tese (Doutorado em Engenharias). Universidade Federal de Uberl{\^a}ndia, Uberl{\^a}ndia}
}

% REDES NEURAIS

@article{silva2010redes,
  title={Redes neurais artificiais para engenharia e ci{\^e}ncias aplicadas},
  author={Silva, IN da and Spatti, Danilo Hernane and Flauzino, Rog{\'e}rio Andrade},
  journal={S{\~a}o Paulo: Artliber},
  volume={23},
  number={5},
  pages={33--111},
  year={2010}
}

@book{haykin2001redes,
  title={Redes Neurais - 2ed.},
  author={Haykin, S.S.},
  isbn={9788573077186},
  url={https://books.google.com.br/books?id=lBp0X5qfyjUC},
  year={2001},
  publisher={BOOKMAN COMPANHIA ED}
}

@incollection{hecht1992theory,
  title={Theory of the backpropagation neural network},
  author={Hecht-Nielsen, Robert},
  booktitle={Neural networks for perception},
  pages={65--93},
  year={1992},
  publisher={Elsevier}
}

@book{cosenza2009neurociencia,
  title={Neuroci{\^e}ncia e educa{\c{c}}{\~a}o},
  author={Cosenza, Ramon and Guerra, Leonor},
  year={2009},
  publisher={Artmed Editora}
}

@article{cantociencias,
  title={Ci{\^e}ncias Naturais: aprendendo com o cotidiano, Vol. 1, 2, 3 e 4},
  author={Canto, Eduardo Leite},
  year={2004},
  journal={S{\~a}o Paulo}
}

@article{hebb1949organization,
  title={The organization of behavior. A neuropsychological theory},
  author={Hebb, Donald O},
  year={1949},
  publisher={John Wiley}
}

@article{rosenblatt1958perceptron,
  title={The perceptron: a probabilistic model for information storage and organization in the brain.},
  author={Rosenblatt, Frank},
  journal={Psychological review},
  volume={65},
  number={6},
  pages={386},
  year={1958},
  publisher={American Psychological Association}
}

@article{widrow1994adaptive,
  title={Adaptive switching circuits (in IRE WESCON Convention Record 1960)},
  author={Widrow, Bernard and Hoff, Marcian E},
  journal={SPIE MILESTONE SERIES MS},
  volume={96},
  pages={105--105},
  year={1994},
  publisher={SPIE-THE INTERNATIONAL SOCIETY FOR OPTICAL ENGINEERING}
}

@article{lippmann1987introduction,
  title={An introduction to computing with neural nets},
  author={Lippmann, Richard},
  journal={IEEE Assp magazine},
  volume={4},
  number={2},
  pages={4--22},
  year={1987},
  publisher={IEEE}
}

@article{minski1969perceptrons,
  title={Perceptrons: an introduction to computational geometry},
  author={Minski, Marvin L and Papert, Seymour A},
  journal={MA: MIT Press, Cambridge},
  year={1969}
}

@article{werbos1974beyond,
  title={Beyond Regression:" New Tools for Prediction and Analysis in the Behavioral Sciences},
  author={Werbos, Paul},
  journal={Ph. D. dissertation, Harvard University},
  year={1974}
}

@article{grossberg1968some,
  title={Some nonlinear networks capable of learning a spatial pattern of arbitrary complexity},
  author={Grossberg, Stephen},
  journal={Proceedings of the National Academy of Sciences},
  volume={59},
  number={2},
  pages={368--372},
  year={1968},
  publisher={National Acad Sciences}
}
@article{kohonen1982self,
  title={Self-organized formation of topologically correct feature maps},
  author={Kohonen, Teuvo},
  journal={Biological cybernetics},
  volume={43},
  number={1},
  pages={59--69},
  year={1982},
  publisher={Springer}
}

@article{hopfield1982neural,
  title={Neural networks and physical systems with emergent collective computational abilities},
  author={Hopfield, John J},
  journal={Proceedings of the national academy of sciences},
  volume={79},
  number={8},
  pages={2554--2558},
  year={1982},
  publisher={National Acad Sciences}
}

@article{rumelhart1986learning,
  title={Learning representations by back-propagating errors},
  author={Rumelhart, David E and Hinton, Geoffrey E and Williams, Ronald J},
  journal={nature},
  volume={323},
  number={6088},
  pages={533},
  year={1986},
  publisher={Nature Publishing Group}
}

@article{rumelhart1986parallel,
  title={Parallel distributed processing: explorations in the microstructure of cognition. volume 1. foundations},
  author={Rumelhart, David E and McClelland, James L},
  year={1986},
  publisher={MIT Press, Cambridge, Ma}
}

@article{amari1972learning,
  title={Learning patterns and pattern sequences by self-organizing nets of threshold elements},
  author={Amari, S-I},
  journal={IEEE Transactions on Computers},
  volume={100},
  number={11},
  pages={1197--1206},
  year={1972},
  publisher={IEEE}
}

@article{little1975statistical,
  title={A statistical theory of short and long term memory},
  author={Little, WA and Shaw, Gordon L},
  journal={Behavioral biology},
  volume={14},
  number={2},
  pages={115--133},
  year={1975},
  publisher={Elsevier}
}

@article{anderson1977distinctive,
  title={Distinctive features, categorical perception, and probability learning: Some applications of a neural model.},
  author={Anderson, James A and Silverstein, Jack W and Ritz, Stephen A and Jones, Randall S},
  journal={Psychological review},
  volume={84},
  number={5},
  pages={413},
  year={1977},
  publisher={American Psychological Association}
}

@article{montgomery2007redes,
  title={REDES NEURAIS: fundamentos e aplica{\c{c}}{\~o}es com programas em C},
  author={MONTGOMERY, Eduardo and JUNIOR, Oswaldo Ludwig},
  journal={Rio de Janeiro: Ci{\^e}ncia Moderna LTDA},
  year={2007}
}

@inproceedings{gibson1989multilayer,
  title={Multilayer perceptron structures applied to adaptive equalisers for data communications},
  author={Gibson, Gavin J and Siu, Sammy and Cowen, CFN},
  booktitle={Acoustics, Speech, and Signal Processing, 1989. ICASSP-89., 1989 International Conference on},
  pages={1183--1186},
  year={1989},
  organization={IEEE}
}
@article{leung1991complex,
  title={The complex backpropagation algorithm},
  author={Leung, Henry and Haykin, Simon},
  journal={IEEE Transactions on signal processing},
  volume={39},
  number={9},
  pages={2101--2104},
  year={1991},
  publisher={IEEE}
}

@article{karlik2011performance,
  title={Performance analysis of various activation functions in generalized MLP architectures of neural networks},
  author={Karlik, Bekir and Olgac, A Vehbi},
  journal={International Journal of Artificial Intelligence and Expert Systems},
  volume={1},
  number={4},
  pages={111--122},
  year={2011}
}

@article{silva1998analise,
  title={An{\'a}lise e s{\'\i}ntese de estrat{\'e}gias de aprendizado para redes neurais artificiais},
  author={Silva, Leandro Nunes de Castro and others},
  year={1998},
  publisher={[sn]}
}

@inproceedings{nair2010rectified,
  title={Rectified linear units improve restricted boltzmann machines},
  author={Nair, Vinod and Hinton, Geoffrey E},
  booktitle={Proceedings of the 27th international conference on machine learning (ICML-10)},
  pages={807--814},
  year={2010}
}

@article{fiorin2011aplicaccoes,
  title={Aplica{\c{c}}{\~o}es de redes neurais e previs{\~o}es de disponibilidade de recursos energ{\'e}ticos solares},
  author={Fiorin, Daniel V and Martins, Fernando R and Schuch, Nelson J and Pereira, Enio B},
  journal={Revista Brasileira de Ensino de F{\'\i}sica},
  volume={33},
  number={1},
  pages={1309},
  year={2011}
}

@article{jacobs1988increased,
  title={Increased rates of convergence through learning rate adaptation},
  author={Jacobs, Robert A},
  journal={Neural networks},
  volume={1},
  number={4},
  pages={295--307},
  year={1988},
  publisher={Elsevier}
}

@article{rumelhart1986learning,
  title={Learning representations by back-propagating errors},
  author={Rumelhart, David E and Hinton, Geoffrey E and Williams, Ronald J},
  journal={nature},
  volume={323},
  number={6088},
  pages={533},
  year={1986},
  publisher={Nature Publishing Group}
}

@book{goodfellow2016deep,
  title={Deep learning},
  author={Goodfellow, Ian and Bengio, Yoshua and Courville, Aaron and Bengio, Yoshua},
  volume={1},
  year={2016},
  publisher={MIT press Cambridge}
}

@inproceedings{le2011optimization,
  title={On optimization methods for deep learning},
  author={Le, Quoc V and Ngiam, Jiquan and Coates, Adam and Lahiri, Abhik and Prochnow, Bobby and Ng, Andrew Y},
  booktitle={Proceedings of the 28th International Conference on International Conference on Machine Learning},
  pages={265--272},
  year={2011},
  organization={Omnipress}
}

@article{shanno1970conditioning,
  title={Conditioning of quasi-Newton methods for function minimization},
  author={Shanno, David F},
  journal={Mathematics of computation},
  volume={24},
  number={111},
  pages={647--656},
  year={1970}
}

@book{nocedal2006nonlinear,
  title={Nonlinear Equations},
  author={Nocedal, Jorge and Wright, Stephen J},
  year={2006},
  publisher={Springer}
}

@article{wright1999numerical,
  title={Numerical optimization},
  author={Wright, Stephen and Nocedal, Jorge},
  journal={Springer Science},
  volume={35},
  number={67-68},
  pages={7},
  year={1999}
}

@article{nocedal1980updating,
  title={Updating quasi-Newton matrices with limited storage},
  author={Nocedal, Jorge},
  journal={Mathematics of computation},
  volume={35},
  number={151},
  pages={773--782},
  year={1980}
}

@article{byrd1995limited,
  title={A limited memory algorithm for bound constrained optimization},
  author={Byrd, Richard H and Lu, Peihuang and Nocedal, Jorge and Zhu, Ciyou},
  journal={SIAM Journal on Scientific Computing},
  volume={16},
  number={5},
  pages={1190--1208},
  year={1995},
  publisher={SIAM}
}

% REDES NEURAIS PARA FLORESTAS

@inproceedings{xiao1998neural,
  title={A neural network approach for tree height estimation using IFSAR data},
  author={Xiao, Rongrui and Carande, Richard and Ghiglia, Dennis},
  booktitle={Geoscience and Remote Sensing Symposium Proceedings, 1998. IGARSS'98. 1998 IEEE International},
  volume={3},
  pages={1565--1567},
  year={1998},
  organization={IEEE}
}

@article{leduc2001predicting,
  title={Predicting diameter distributions of longleaf pine plantations: a comparison between artificial neural networks and other accepted methodologies},
  author={Leduc, Daniel J and Matney, Thomas G and Belli, Keith L and Baldwin, V Clark},
  journal={Res. Pap. SRS-25. Asheville, NC: US Department of Agriculture, Forest Service, Southern Research Station. 24p.},
  volume={25},
  year={2001}
}

@article{diamantopoulou2005artificial,
  title={Artificial neural networks as an alternative tool in pine bark volume estimation},
  author={Diamantopoulou, Maria J},
  journal={Computers and electronics in agriculture},
  volume={48},
  number={3},
  pages={235--244},
  year={2005},
  publisher={Elsevier}
}

@inproceedings{huang2009prediction,
  title={Prediction of stand diameter distribution with artificial neural network},
  author={Huang, Jiarong and Zhao, Junhui and Gao, Guangqin and Meng, Xianyu and Guan, Yuxiu},
  booktitle={Natural Computation, 2009. ICNC'09. Fifth International Conference on},
  volume={2},
  pages={79--82},
  year={2009},
  organization={IEEE}
}

@article{niska2010neural,
  title={Neural networks for the prediction of species-specific plot volumes using airborne laser scanning and aerial photographs},
  author={Niska, Harri and Skon, Jukka-Pekka and Packalen, Petteri and Tokola, Timo and Maltamo, Matti and Kolehmainen, Mikko},
  journal={IEEE Transactions on Geoscience and Remote Sensing},
  volume={48},
  number={3},
  pages={1076--1085},
  year={2010},
  publisher={IEEE}
}

@article{ozccelik2010estimating,
  title={Estimating tree bole volume using artificial neural network models for four species in Turkey},
  author={{\"O}z{\c{c}}elik, Ramazan and Diamantopoulou, Maria J and Brooks, John R and Wiant Jr, Harry V},
  journal={Journal of environmental management},
  volume={91},
  number={3},
  pages={742--753},
  year={2010},
  publisher={Elsevier}
}

@article{diamantopoulou2010filling,
  title={Filling gaps in diameter measurements on standing tree boles in the urban forest of Thessaloniki, Greece},
  author={Diamantopoulou, Maria J},
  journal={Environmental Modelling \& Software},
  volume={25},
  number={12},
  pages={1857--1865},
  year={2010},
  publisher={Elsevier}
}

@inproceedings{guo2011diameter,
  title={Diameter distribution prediction of populus shelterbelts based on artificial neural network},
  author={Guo, Fang and Gao, Guangqin and Huang, Jiarong and Wang, Liuxi and Wang, Dandan},
  booktitle={Natural Computation (ICNC), 2011 Seventh International Conference on},
  volume={2},
  pages={762--765},
  year={2011},
  organization={IEEE}
}

@article{soares2013recursive,
  title={Recursive diameter prediction for calculating merchantable volume of eucalyptus clones using Multilayer Perceptron},
  author={Soares, Fabr{\'\i}zzio Alphonsus AMN and Flores, Edna L{\'u}cia and Cabacinha, Christin Dias and Carrijo, Gilberto Arantes and Veiga, Ant{\^o}nio Cl{\'a}udio Paschoarelli},
  journal={Neural Computing and Applications},
  volume={22},
  number={7-8},
  pages={1407--1418},
  year={2013},
  publisher={Springer}
}

@article{vieira2018prognoses,
  title={Prognoses of diameter and height of trees of eucalyptus using artificial intelligence},
  author={Vieira, Giovanni Correia and de Mendon{\c{c}}a, Adriano Ribeiro and da Silva, Gilson Fernandes and Zanetti, Sidney S{\'a}ra and da Silva, Mayra Marques and dos Santos, Alexandre Rosa},
  journal={Science of The Total Environment},
  volume={619},
  pages={1473--1481},
  year={2018},
  publisher={Elsevier}
}

@article{binoti2014redes,
  title={Redes neurais artificiais para estima{\c{c}}{\~a}o do volume de {\'a}rvores},
  author={Binoti, Mayra Luiza Marques da Silva and Binoti, Daniel Henrique Breda and Leite, H{\'e}lio Garcia and Garcia, Silvana Lages Ribeiro and Ferreira, Maria Zelia and Rode, Rafael and Silva, Antonilmar Ara{\'u}jo Lopes da},
  journal={Revista {\'A}rvore},
  volume={38},
  number={2},
  pages={283--288},
  year={2014},
  publisher={SciELO Brasil}
}

@article{marques2009ajuste,
  title={Ajuste do modelo de Schumacher e Hall e aplica{\c{c}}{\~a}o de redes neurais artificiais para estimar volume de {\'a}rvores de eucalipto},
  author={Marques da Silva, Mayra Luiza and Breda Binoti, Daniel Henrique and Gleriani, Jos{\'e} Marinaldo and Garcia Leite, Helio},
  journal={Revista {\'A}rvore},
  volume={33},
  number={6},
  year={2009},
  publisher={Universidade Federal de Vi{\c{c}}osa}
}


@inproceedings{anuntakarun2017identification,
  title={Identification of Plant Precursor miRNAs using Structural Robustness and Secondary Structures Features},
  author={Anuntakarun, Songtham and Wattanapornprom, Warin and Lertampaiporn, Supatcha},
  booktitle={Proceedings of the 2017 International Conference on Biomedical Engineering and Bioinformatics},
  pages={1--4},
  year={2017},
  organization={ACM}
}
@article{ayrey2018use,
  title={The Use of Three-Dimensional Convolutional Neural Networks to Interpret LiDAR for Forest Inventory},
  author={Ayrey, Elias and Hayes, Daniel J},
  journal={Remote Sensing},
  volume={10},
  number={4},
  pages={649},
  year={2018},
  publisher={Multidisciplinary Digital Publishing Institute}
}

@article{khan2017forest,
  title={Forest change detection in incomplete satellite images with deep neural networks},
  author={Khan, Salman H and He, Xuming and Porikli, Fatih and Bennamoun, Mohammed},
  journal={IEEE Transactions on Geoscience and Remote Sensing},
  volume={55},
  number={9},
  pages={5407--5423},
  year={2017},
  publisher={IEEE}
}

@article{pohjankukka2016predictability,
  title={Predictability of boreal forest soil bearing capacity by machine learning},
  author={Pohjankukka, J and Riihim{\"a}ki, Henri and Nevalainen, P and Pahikkala, T and Ala-Ilom{\"a}ki, Jari and Hyv{\"o}nen, E and Varjo, J and Heikkonen, J},
  journal={Journal of Terramechanics},
  volume={68},
  pages={1--8},
  year={2016},
  publisher={Elsevier}
}

@article{debouk2013assessing,
  title={Assessing post-fire regeneration in a Mediterranean mixed forest using LiDAR data and artificial neural networks},
  author={Debouk, Haifa and Riera-Tatch{\'e}, Ramon and Vega-Garc{\'\i}a, Cristina},
  journal={Photogrammetric Engineering \& Remote Sensing},
  volume={79},
  number={12},
  pages={1121--1130},
  year={2013},
  publisher={American Society for Photogrammetry and Remote Sensing}
}

@article{dos2018spatial,
  title={Spatial prediction of basal area and volume in Eucalyptus stands using Landsat TM data: an assessment of prediction methods},
  author={dos Reis, Aliny Aparecida and Carvalho, M{\^o}nica Canaan and de Mello, Jos{\'e} Marcio and Gomide, Lucas Rezende and Ferraz Filho, Ant{\^o}nio Carlos and Junior, Fausto Weimar Acerbi},
  journal={New Zealand Journal of Forestry Science},
  volume={48},
  number={1},
  pages={1},
  year={2018},
  publisher={Springer}
}

@article{brosofske2013review,
  title={A review of methods for mapping and prediction of inventory attributes for operational forest management},
  author={Brosofske, Kimberley D and Froese, Robert E and Falkowski, Michael J and Banskota, Asim},
  journal={Forest Science},
  volume={60},
  number={4},
  pages={733--756},
  year={2013},
  publisher={Oxford University Press Oxford, UK}
}

@article{silva2018detecccao,
  title={Detec{\c{c}}{\~a}o e contagem de plantas utilizando t{\'e}cnicas de intelig{\^e}ncia artificial e machine learning},
  author={Silva, Giovanni Cimolin da and others},
  year={2018},
  publisher={Florian{\'o}polis, SC}
}

@article{favan2015utilizaccao,
  title={Utiliza{\c{c}}{\~a}o de redes neurais artificiais aplicadas na discrimina{\c{c}}{\~a}o de padr{\~o}es de doen{\c{c}}as florestais},
  author={Favan, Jo{\~a}o Ricardo},
  year={2015},
  publisher={Universidade Estadual Paulista (UNESP)}
}

@phdthesis{favan2015neural,
  title={UTILIZA{\c{C}}{\~A}O DE REDES NEURAIS ARTIFICIAS APLICADAS NA DISCRIMINA{\c{C}}{\~A}O DE PADR{\~O}ES DE DOEN{\c{C}}AS FLORESTAIS},
  author={FAVAN, JO{\~A}O RICARDO},
  year={2015},
  school={UNIVERSIDADE ESTADUAL PAULISTA â JULIO DE MESQUITA FILHO}
}

@inproceedings{ji2005direct,
  title={Direct and recursive prediction of time series using mutual information selection},
  author={Ji, Yongnan and Hao, Jin and Reyhani, Nima and Lendasse, Amaury},
  booktitle={International Work-Conference on Artificial Neural Networks},
  pages={1010--1017},
  year={2005},
  organization={Springer}
}

@article{machado2007ajuste,
  title={Ajuste de modelos estoc{\'a}sticos lineares e n{\~a}o-lineares para a descri{\c{c}}{\~a}o do perfil longitudinal de {\'a}rvores},
  author={Machado Pires, Leonardo and Calegario, Natalino},
  journal={Revista {\'A}rvore},
  volume={31},
  number={5},
  year={2007},
  publisher={Universidade Federal de Vi{\c{c}}osa}
}

@article{schneider1996forma,
  title={Forma de tronco e sortimentos de madeira de Eucalyptus grandis Maiden para o estado do Rio Grande do Sul.},
  author={Schneider, Paulo Renato and Finger, C{\'e}sar Augusto Guimar{\~a}es and Klein, Jorge Euclides Mayer and Totti, Jos{\'e} Artemio and Bazzo, Jos{\'e} Luiz},
  journal={Ci{\^e}ncia Florestal},
  volume={6},
  number={1},
  pages={79--88},
  year={1996}
}

@article{bergstra2012random,
  title={Random search for hyper-parameter optimization},
  author={Bergstra, James and Bengio, Yoshua},
  journal={Journal of Machine Learning Research},
  volume={13},
  number={Feb},
  pages={281--305},
  year={2012}
}

@inproceedings{moritz2016linearly,
  title={A linearly-convergent stochastic L-BFGS algorithm},
  author={Moritz, Philipp and Nishihara, Robert and Jordan, Michael},
  booktitle={Artificial Intelligence and Statistics},
  pages={249--258},
  year={2016}
}

@article{schumacher1933logarithmic,
  title={Logarithmic expression of timber-tree volume},
  author={Schumacher, Francis Xavier},
  journal={J Agric Res},
  volume={47},
  pages={719--734},
  year={1933}
}

@article{rumelhart1986learning,
  title={On learning the past tenses of English verbs},
  author={Rumelhart, David E and McClelland, James L},
  year={1986},
  publisher={Cambridge, MA: MIT Press}
}

@article{pascanu2013construct,
  title={How to construct deep recurrent neural networks},
  author={Pascanu, Razvan and Gulcehre, Caglar and Cho, Kyunghyun and Bengio, Yoshua},
  journal={arXiv preprint arXiv:1312.6026},
  year={2013}
}

@article{werbos1990backpropagation,
  title={Backpropagation through time: what it does and how to do it},
  author={Werbos, Paul J and others},
  journal={Proceedings of the IEEE},
  volume={78},
  number={10},
  pages={1550--1560},
  year={1990}
}

@article{bengio1994learning,
  title={Learning long-term dependencies with gradient descent is difficult},
  author={Bengio, Yoshua and Simard, Patrice and Frasconi, Paolo and others},
  journal={IEEE transactions on neural networks},
  volume={5},
  number={2},
  pages={157--166},
  year={1994}
}

@article{chung2014empirical,
  title={Empirical evaluation of gated recurrent neural networks on sequence modeling},
  author={Chung, Junyoung and Gulcehre, Caglar and Cho, KyungHyun and Bengio, Yoshua},
  journal={arXiv preprint arXiv:1412.3555},
  year={2014}
}

@article{williams1989learning,
  title={A learning algorithm for continually running fully recurrent neural networks},
  author={Williams, Ronald J and Zipser, David},
  journal={Neural computation},
  volume={1},
  number={2},
  pages={270--280},
  year={1989},
  publisher={MIT Press}
}

@inproceedings{martens2011learning,
  title={Learning recurrent neural networks with hessian-free optimization},
  author={Martens, James and Sutskever, Ilya},
  booktitle={Proceedings of the 28th International Conference on Machine Learning (ICML-11)},
  pages={1033--1040},
  year={2011},
  organization={Citeseer}
}

@article{hochreiter1997long,
  title={Long short-term memory},
  author={Hochreiter, Sepp and Schmidhuber, J{\"u}rgen},
  journal={Neural computation},
  volume={9},
  number={8},
  pages={1735--1780},
  year={1997},
  publisher={MIT Press}
}

@InProceedings{Donahue_2015_CVPR,
author = {Donahue, Jeffrey and Anne Hendricks, Lisa and Guadarrama, Sergio and Rohrbach, Marcus and Venugopalan, Subhashini and Saenko, Kate and Darrell, Trevor},
title = {Long-Term Recurrent Convolutional Networks for Visual Recognition and Description},
booktitle = {The IEEE Conference on Computer Vision and Pattern Recognition (CVPR)},
month = {June},
year = {2015}
}

@techreport{gomes1957mediccao,
  title={Medi{\c{c}}{\~a}o dos arvoredos},
  author={Gomes, AM de A},
  year={1957},
  institution={Livraria s{\'a} da Costa}
}

@article{mcculloch1943logical,
  title={A logical calculus of the ideas immanent in nervous activity},
  author={McCulloch, Warren S and Pitts, Walter},
  journal={The bulletin of mathematical biophysics},
  volume={5},
  number={4},
  pages={115--133},
  year={1943},
  publisher={Springer}
}

@article{greff2016lstm,
  title={LSTM: A search space odyssey},
  author={Greff, Klaus and Srivastava, Rupesh K and Koutn{\'\i}k, Jan and Steunebrink, Bas R and Schmidhuber, J{\"u}rgen},
  journal={IEEE transactions on neural networks and learning systems},
  volume={28},
  number={10},
  pages={2222--2232},
  year={2016},
  publisher={IEEE}
}

@article{cho2014learning,
  title={Learning phrase representations using RNN encoder-decoder for statistical machine translation},
  author={Cho, Kyunghyun and Van Merri{\"e}nboer, Bart and Gulcehre, Caglar and Bahdanau, Dzmitry and Bougares, Fethi and Schwenk, Holger and Bengio, Yoshua},
  journal={arXiv preprint arXiv:1406.1078},
  year={2014}
}
